<record><leader>00796nam a22002291  4500</leader><controlfield tag="001">000116843</controlfield><controlfield tag="003">MiAaHDL</controlfield><controlfield tag="005">20220406000000.0</controlfield><controlfield tag="006">m        d        </controlfield><controlfield tag="007">cr bn ---auaua</controlfield><controlfield tag="008">880715s1905    nyucfh        00010 eng u</controlfield><datafield tag="010" ind1=" " ind2=" "><subfield code="a">05015677</subfield></datafield><datafield tag="035" ind1=" " ind2=" "><subfield code="a">(MiU)990001168450106381</subfield></datafield><datafield tag="035" ind1=" " ind2=" "><subfield code="a">sdr-miu.990001168450106381</subfield></datafield><datafield tag="035" ind1=" " ind2=" "><subfield code="a">sdr-miu.990001168430106381</subfield></datafield><datafield tag="035" ind1=" " ind2=" "><subfield code="a">sdr-hvd003143162</subfield></datafield><datafield tag="035" ind1=" " ind2=" "><subfield code="a">sdr-coo2390917</subfield></datafield><datafield tag="035" ind1=" " ind2=" "><subfield code="a">sdr-nrlf.b147852237</subfield></datafield><datafield tag="035" ind1=" " ind2=" "><subfield code="a">sdr-nyp.b124400425</subfield></datafield><datafield tag="035" ind1=" " ind2=" "><subfield code="a">sdr-nrlfGLAD134288475-B</subfield></datafield><datafield tag="035" ind1=" " ind2=" "><subfield code="a">(OCoLC)396666</subfield></datafield><datafield tag="035" ind1=" " ind2=" "><subfield code="a">(CaOTULAS)160090640</subfield></datafield><datafield tag="035" ind1=" " ind2=" "><subfield code="a">(RLIN)MIUG84-B93</subfield></datafield><datafield tag="035" ind1=" " ind2=" "><subfield code="z">(MiU)Aleph000116845</subfield></datafield><datafield tag="040" ind1=" " ind2=" "><subfield code="c">OHirC</subfield><subfield code="d">*OCL*</subfield><subfield code="d">NBiSU</subfield><subfield code="d">CStRLIN</subfield><subfield code="d">MiU</subfield></datafield><datafield tag="100" ind1="1" ind2=" "><subfield code="a">Hutton, Laurence,</subfield><subfield code="d">1843-1904.</subfield></datafield><datafield tag="245" ind1="1" ind2="0"><subfield code="a">Talks in a library with Laurence Hutton,</subfield><subfield code="c">recorded by Isabel Moore.</subfield></datafield><datafield tag="260" ind1=" " ind2=" "><subfield code="a">New York,</subfield><subfield code="a">London,</subfield><subfield code="b">G.P. Putnam's Sons,</subfield><subfield code="c">1905.</subfield></datafield><datafield tag="300" ind1=" " ind2=" "><subfield code="a">xvii, 458 p.</subfield><subfield code="b">front., plates, ports., facsims.</subfield><subfield code="c">21 cm.</subfield></datafield><datafield tag="538" ind1=" " ind2=" "><subfield code="a">Mode of access: Internet.</subfield></datafield><datafield tag="650" ind1=" " ind2="0"><subfield code="a">Authors</subfield><subfield code="x">Correspondence.</subfield></datafield><datafield tag="700" ind1="1" ind2=" "><subfield code="a">Moore, Isabel Kellogg,</subfield><subfield code="c">Mrs.,</subfield><subfield code="d">1872-</subfield></datafield><datafield tag="DLP" ind1=" " ind2=" "><subfield code="a">aan0275.0001.001</subfield></datafield><datafield tag="CID" ind1=" " ind2=" "><subfield code="a">000116843</subfield></datafield><datafield tag="DAT" ind1="0" ind2=" "><subfield code="a">19920110000000.0</subfield><subfield code="b">20220406000000.0</subfield></datafield><datafield tag="DAT" ind1="1" ind2=" "><subfield code="a">20220406060800.0</subfield><subfield code="b">2022-04-06T14:23:31Z</subfield></datafield><datafield tag="DAT" ind1="2" ind2=" "><subfield code="a">2012-09-15T00:30:09Z</subfield><subfield code="b">2021-08-28T21:30:02Z</subfield></datafield><datafield tag="CAT" ind1=" " ind2=" "><subfield code="a">SDR-MIU</subfield><subfield code="d">ALMA</subfield><subfield code="l">prepare.pl-004-008</subfield></datafield><datafield tag="FMT" ind1=" " ind2=" "><subfield code="a">BK</subfield></datafield><datafield tag="HOL" ind1=" " ind2=" "><subfield code="0">sdr-miu.990001168450106381</subfield><subfield code="a">MiU</subfield><subfield code="b">SDR</subfield><subfield code="c">MIU</subfield><subfield code="p">miun.aan0275.0001.001</subfield><subfield code="s">MIU</subfield><subfield code="1">990001168450106381</subfield></datafield><datafield tag="974" ind1=" " ind2=" "><subfield code="b">MIU</subfield><subfield code="c">MIU</subfield><subfield code="d">20220406</subfield><subfield code="s">lit-dlps-dc</subfield><subfield code="u">miun.aan0275.0001.001</subfield><subfield code="y">1905</subfield><subfield code="r">pdus</subfield><subfield code="q">bib</subfield><subfield code="t">US bib date1 between 1897 and 1927 and multiple 260/264 places</subfield></datafield><datafield tag="974" ind1=" " ind2=" "><subfield code="b">MIU</subfield><subfield code="c">MIU</subfield><subfield code="d">20210929</subfield><subfield code="s">google</subfield><subfield code="u">mdp.39015021273407</subfield><subfield code="y">1905</subfield><subfield code="r">pdus</subfield><subfield code="q">bib</subfield><subfield code="t">US bib date1 between 1897 and 1927 and multiple 260/264 places</subfield></datafield><datafield tag="974" ind1=" " ind2=" "><subfield code="b">MIU</subfield><subfield code="c">MIU</subfield><subfield code="d">20210828</subfield><subfield code="s">google</subfield><subfield code="u">mdp.39015049877809</subfield><subfield code="y">1905</subfield><subfield code="r">pdus</subfield><subfield code="q">bib</subfield><subfield code="t">US bib date1 between 1897 and 1927 and multiple 260/264 places</subfield></datafield><datafield tag="974" ind1=" " ind2=" "><subfield code="b">HVD</subfield><subfield code="c">HVD</subfield><subfield code="d">20200322</subfield><subfield code="s">google</subfield><subfield code="u">hvd.hwkfdc</subfield><subfield code="y">1905</subfield><subfield code="r">pdus</subfield><subfield code="q">bib</subfield><subfield code="t">US bib date1 between 1897 and 1927 and multiple 260/264 places</subfield></datafield><datafield tag="974" ind1=" " ind2=" "><subfield code="b">HVD</subfield><subfield code="c">HVD</subfield><subfield code="d">20200420</subfield><subfield code="s">google</subfield><subfield code="u">hvd.hwkfe2</subfield><subfield code="y">1905</subfield><subfield code="r">pdus</subfield><subfield code="q">bib</subfield><subfield code="t">US bib date1 between 1897 and 1927 and multiple 260/264 places</subfield></datafield><datafield tag="974" ind1=" " ind2=" "><subfield code="8">ia.cu31924022056596</subfield><subfield code="b">COO</subfield><subfield code="c">COO</subfield><subfield code="d">20171128</subfield><subfield code="s">cornell-ms</subfield><subfield code="u">coo1.ark:/13960/t8mc9gv75</subfield><subfield code="y">1905</subfield><subfield code="r">pdus</subfield><subfield code="q">bib</subfield><subfield code="t">US bib date1 between 1897 and 1927 and multiple 260/264 places</subfield></datafield><datafield tag="974" ind1=" " ind2=" "><subfield code="8">ia.talksinlibrarywi00huttrich</subfield><subfield code="b">UC</subfield><subfield code="c">INRLF</subfield><subfield code="d">20181212</subfield><subfield code="s">ia</subfield><subfield code="u">uc2.ark:/13960/t8ff3mr99</subfield><subfield code="y">1905</subfield><subfield code="r">pdus</subfield><subfield code="q">bib</subfield><subfield code="t">US bib date1 between 1897 and 1927 and multiple 260/264 places</subfield></datafield><datafield tag="974" ind1=" " ind2=" "><subfield code="b">NYP</subfield><subfield code="c">NYP</subfield><subfield code="d">20220111</subfield><subfield code="s">google</subfield><subfield code="u">nyp.33433082375282</subfield><subfield code="y">1905</subfield><subfield code="r">pdus</subfield><subfield code="q">bib</subfield><subfield code="t">US bib date1 between 1897 and 1927 and multiple 260/264 places</subfield></datafield><datafield tag="974" ind1=" " ind2=" "><subfield code="b">UC</subfield><subfield code="c">NRLF</subfield><subfield code="d">20200617</subfield><subfield code="s">google</subfield><subfield code="u">uc1.b3550530</subfield><subfield code="y">1905</subfield><subfield code="r">pdus</subfield><subfield code="q">bib</subfield><subfield code="t">US bib date1 between 1897 and 1927 and multiple 260/264 places</subfield></datafield></record>